@techreport{RFC-2501,
  author = {M. Scott Corson and Joseph Macker},
  title = {{Mobile Ad hoc Networking (MANET): Routing Protocol Performance Issues and Evaluation Considerations}},
  institution = {IETF},
  type = {RFC},
  number = {2501},
  month = {January},
  year = {1999}
}

@article{food_monitoring,
    author = {Jedermann, Reiner and P{\"o}tsch, Thomas and Lloyd, Chanaka},
    title = {Communication techniques and challenges for wireless food quality monitoring},
    volume = {372},
    number = {2017},
    year = {2014},
    publisher = {The Royal Society},
    journal = {Philosophical Transactions of the Royal Society of London A: Mathematical, Physical and Engineering Sciences}
}

@techreport{RFC-5826,
  author = {A. Brandt and J. Buron and G. Porcu},
  title = {{Home Automation Routing Requirements in Low-Power and Lossy Networks}},
  institution = {IETF},
  type = {RFC},
  number = {5826},
  month = {April},
  year = {2010}
}

@techreport{RFC-5548,
  author = {M. Dohler and T. Watteyne and T. Winter and D. Barthel},
  title = {{Routing Requirements for Urban Low-Power and Lossy Networks}},
  institution = {IETF},
  type = {RFC},
  number = {5548},
  month = {May},
  year = {2009}
}

@techreport{RFC-5867,
  author = {J. Martocci and P. De Mil and N. Riou and W. Vermeylen},
  title = {{Building Automation Routing Requirements in Low-Power and Lossy Networks}},
  institution = {IETF},
  type = {RFC},
  number = {5867},
  month = {June},
  year = {2010}
}

@INPROCEEDINGS{testbed-survey,
  author={Tonneau, A.-S. and Mitton, N. and Vandaele, J.},
  booktitle={Distributed Computing in Sensor Systems (DCOSS), 2014 IEEE International Conference on},
  title={A Survey on (mobile) Wireless Sensor Network Experimentation Testbeds},
  year={2014},
  month={May},
  pages={263-268},
}

@article{IoT_survey,
 author = {Atzori, Luigi and Iera, Antonio and Morabito, Giacomo},
 title = {The Internet of Things: A Survey},
 journal = {Comput. Netw.},
 issue_date = {October, 2010},
 volume = {54},
 number = {15},
 month = oct,
 year = {2010},
 pages = {2787--2805},
 numpages = {19},
}
