% === LOTTES SOURCES ===========================================

@ARTICLE{ICN_survey,
author={Ahlgren, B. and Dannewitz, C. and Imbrenda, C. and Kutscher, D. and Ohlman, B.},
journal={Communications Magazine, IEEE},
title={A survey of information-centric networking},
year={2012},
month={July},
volume={50},
number={7},
pages={26-36},
}

@inproceedings{Perino:2011:RCC:2018584.2018596,
 author = {Perino, Diego and Varvello, Matteo},
 title = {A Reality Check for Content Centric Networking},
 booktitle = {Proceedings of the ACM SIGCOMM Workshop on Information-centric Networking},
 series = {ICN '11},
 year = {2011},
 isbn = {978-1-4503-0801-4},
 location = {Toronto, Ontario, Canada},
 pages = {44--49},
 numpages = {6},
 url = {http://doi.acm.org/10.1145/2018584.2018596},
 doi = {10.1145/2018584.2018596},
 acmid = {2018596},
 publisher = {ACM},
 address = {New York, NY, USA},
 keywords = {ccn, router},
}

@techreport{394,
author={Lixia Zhang and Alexander Afanasyev and Jeffrey Burke and Van Jacobson and kc claffy and Patrick Crowley and Christos Papadopoulos and Lan Wang and Beichuan Zhang},
title={{Named Data Networking}},
institution={NDN},
year={2014},
type={Technical Report},
number={NDN-0019},
month={April},
url={http://named-data.net/publications/techreports/},
comment={}}

% ==============================================================
