% === LOTTES SOURCES ===========================================

@incollection{Krizhevsky_imagenet,
title = {ImageNet Classification with Deep Convolutional Neural Networks},
author = {Alex Krizhevsky and Sutskever, Ilya and Geoffrey E. Hinton},
booktitle = {Advances in Neural Information Processing Systems 25},
editor = {F. Pereira and C.J.C. Burges and L. Bottou and K.Q. Weinberger},
pages = {1097--1105},
year = {2012},
publisher = {Curran Associates, Inc.},
url = {http://papers.nips.cc/paper/4824-imagenet-classification-with-deep-convolutional-neural-networks.pdf}
}

@unpublished{Vinyals2014,
archivePrefix = {arXiv},
arxivId = {arXiv:1411.4555v1},
author = {Vinyals, Oriol (Google) and Toshev, Alexander (Google) and Bengio, Samy (Google) and Erhan, Dumitru (Google)},
eprint = {arXiv:1411.4555v1},
file = {:Users/lotte/dev/Studium/paper/mi/1411.4555v1.pdf:pdf},
keywords = {MI},
mendeley-tags = {MI},
pages = {9},
title = {{Show and Tell: A Neural Image Caption Generator}},
year = {2014}
}

@book{forsyth2012computer,
  title={Computer Vision: A Modern Approach},
  author={Forsyth, D. and Ponce, J.},
  isbn={9780136085928},
  lccn={2011036341},
  series={Always learning},
  url={http://books.google.de/books?id=gM63QQAACAAJ},
  year={2012},
  publisher={Pearson}
}

@book{unauth_access,
 author = {Allsopp, Wil},
 title = {Unauthorised Access: Physical Penetration Testing For IT Security Teams},
 year = {2009},
 isbn = {0470747617, 9780470747612},
 publisher = {Wiley Publishing},
}

@INPROCEEDINGS{liter_or_into,
    author = {Jeffrey C. Liter and Heinrich H. BÃ¼lthoff},
    title = {An Introduction to Object Recognition},
    booktitle = {in Man, Monkey and Machine, Cognition},
    year = {1996},
    pages = {1--20},
    publisher = {MIT Press}
}

@InProceedings{Taigman_2014_CVPR,
    author = {Taigman, Yaniv and Yang, Ming and Ranzato, Marc'Aurelio and Wolf, Lior},
    title = {DeepFace: Closing the Gap to Human-Level Performance in Face Verification},
    journal = {The IEEE Conference on Computer Vision and Pattern Recognition (CVPR)},
    month = {June},
    year = {2014}
}

@book{derosa2004data,
    title={Data Mining and Data Analysis for Counterterrorism},
    author={DeRosa, M.},
    isbn={9780892064434},
    lccn={04005137},
    series={CSIS report},
    url={http://books.google.de/books?id=ZEjoAAAAIAAJ},
    year={2004},
    publisher={CSIS Press}
}


% ==============================================================
