
@techreport{ZRP-Draft,
  author = {Z. Haas and M. Pearlman and P. Samar},
  title = {{The Zone Routing Protocol (ZRP) for Ad Hoc Networks}},
  institution = {IETF},
  type = {Draft},
  month = {July},
  year = {2002}
}


@techreport{RFC-6997,
  author = {M. Goyal and E. Baccelli and M. Philipp and A. Brandt and J. Martocci},
  title = {{Reactive Discovery of Point-to-Point Routes in Low-Power and Lossy Networks}},
  institution = {IETF},
  type = {RFC},
  number = {6997},
  month = {August},
  year = {2013}
}

@techreport{RFC-6550,
  author = {T. Winter and P. Thubert and A. Brandt and J. Hui and R. Kelsey and P. Levis and K. Pister and R. Struik and JP. Vasseur and R. Alexander},
  title = {{RPL: IPv6 Routing Protocol for Low-Power and Lossy Networks}},
  institution = {IETF},
  type = {RFC},
  number = {6550},
  month = {March},
  year = {2012}
}
