
@techreport{ZRP-Draft,
  author = {Z. Haas and M. Pearlman and P. Samar},
  title = {{The Zone Routing Protocol (ZRP) for Ad Hoc Networks}},
  institution = {IETF},
  type = {Draft},
  month = {July},
  year = {2002}
}

@techreport{draft-ietf-manet-zone-iarp,
  author = {Zygmunt Haas and Marc Pearlman and Prince Samar},
  title = {{The Intrazone Routing Protocol (IARP) for Ad Hoc Networks}},
  institution = {IETF},
  type = {Internet-Draft -- work in progress},
  number = {02},
  month = {July},
  year = {2002}
}

@techreport{draft-ietf-manet-zone-ierp,
  author = {Zygmunt Haas and Marc Pearlman and Prince Samar},
  title = {{The Interzone Routing Protocol (IERP) for Ad Hoc Networks}},
  institution = {IETF},
  type = {Internet-Draft -- work in progress},
  number = {02},
  month = {July},
  year = {2002}
}

@techreport{draft-ietf-manet-zone-brp,
  author = {Zygmunt  Haas and Marc Pearlman and Prince Samar},
  title = {{The Bordercast Resolution Protocol (BRP) for Ad Hoc Networks}},
  institution = {IETF},
  type = {Internet-Draft -- work in progress},
  number = {02},
  month = {July},
  year = {2002}
}

@techreport{RFC-6997,
  author = {M. Goyal and E. Baccelli and M. Philipp and A. Brandt and J. Martocci},
  title = {{Reactive Discovery of Point-to-Point Routes in Low-Power and Lossy Networks}},
  institution = {IETF},
  type = {RFC},
  number = {6997},
  month = {August},
  year = {2013}
}

@techreport{RFC-6550,
  author = {T. Winter and P. Thubert and A. Brandt and J. Hui and R. Kelsey and P. Levis and K. Pister and R. Struik and JP. Vasseur and R. Alexander},
  title = {{RPL: IPv6 Routing Protocol for Low-Power and Lossy Networks}},
  institution = {IETF},
  type = {RFC},
  number = {6550},
  month = {March},
  year = {2012}
}

@inproceedings{Roy_nodecentric,
 author = {Roy, Soumya and Garcia-Luna-Aceves, J. J.},
 title = {{Node-Centric Hybrid Routing for Ad Hoc Networks}},
 booktitle = {Proceedings of the International Workshop on Mobility and Wireless Access},
 series = {MobiWac '02},
 year = {2002},
 isbn = {0-7695-1843-5},
 pages = {63--},
 url = {http://dl.acm.org/citation.cfm?id=823465.824355},
 acmid = {824355},
 publisher = {IEEE Computer Society},
 address = {Washington, DC, USA},
}

@inproceedings{SHARP,
  author = {Ramasubramanian, Venugopalan and Haas, Zygmunt J. and Sirer, Emin G\"{u}n},
  title = {{SHARP: A Hybrid Adaptive Routing Protocol for Mobile Ad Hoc Networks}},
  booktitle = {Proceedings of the 4th ACM International Symposium on Mobile Ad Hoc Networking \&Amp; Computing},
  series = {MobiHoc '03},
  year = {2003},
  pages = {303--314},
  url = {http://doi.acm.org/10.1145/778415.778450},
  publisher = {ACM},
}
@article{TZRP,
  author = {Wang, Lan and Olariu, Stephan},
  title = {{A Two-Zone Hybrid Routing Protocol for Mobile Ad Hoc Networks}},
  journal = {IEEE Trans. Parallel Distrib. Syst.},
  issue_date = {December 2004},
  volume = {15},
  number = {12},
  month = dec,
  year = {2004},
  issn = {1045-9219},
  pages = {1105--1116},
  numpages = {12},
  url = {http://dx.doi.org/10.1109/TPDS.2004.73},
  publisher = {IEEE Press},
}

@INPROCEEDINGS{WARP,
  author={Sholander, P. and Yankopolus, A. and Coccoli, P. and Tabrizi, S.S.},
  booktitle={{MILCOM 2002. Proceedings}},
  title={{Experimental comparison of hybrid and proactive MANET routing protocols}},
  year={2002},
  month={Oct},
  volume={1},
  pages={513-518 vol.1},
}

@INPROCEEDINGS{baccelli_p2p_rpl,
  author={Baccelli, E. and Philipp, M. and Goyal, M.},
  booktitle={Software, Telecommunications and Computer Networks (SoftCOM), 2011 19th International Conference on},
  title={The P2P-RPL routing protocol for IPv6 sensor networks: Testbed experiments},
  year={2011},
  month={Sept},
  pages={1-6},
}

@article{IZR,
  author = {Samar, Prince and Pearlman, Marc R. and Haas, Zygmunt J.},
  title = {Independent Zone Routing: An Adaptive Hybrid Routing Framework for Ad Hoc Wireless Networks},
  journal = {IEEE/ACM Trans. Netw.},
  issue_date = {August 2004},
  volume = {12},
  number = {4},
  month = aug,
  year = {2004},
  issn = {1063-6692},
  pages = {595--608},
  numpages = {14},
  url = {http://dx.doi.org/10.1109/TNET.2004.833153},
  publisher = {IEEE Press},
}

@ARTICLE{ZHLS,
  author={Joa-Ng, M. and I-Tai Lu},
  journal={{Selected Areas in Communications, IEEE Journal on}},
  title={A peer-to-peer zone-based two-level link state routing for mobile ad hoc networks},
  year={1999},
  month={Aug},
  volume={17},
  number={8},
  pages={1415-1425},
}

@INPROCEEDINGS{4220981,
  author={Zimmermann, A. and Gunes, M. and Wenig, M. and Meis, U. and Ritzerfeld, J.},
  booktitle={Advanced Information Networking and Applications, 2007. AINA '07. 21st International Conference on},
  title={How to Study Wireless Mesh Networks: A hybrid Testbed Approach},
  year={2007},
  month={May},
  pages={853-860},
  keywords={mobile radio;telecommunication network routing;UMIC-mesh;hybrid testbed approach;mesh routers;mobile networks;wireless mesh networks;Computational modeling;Computer architecture;Computer science;Computer simulation;Costs;Software testing;System testing;Wireless LAN;Wireless mesh networks;Wireless networks},
  doi={10.1109/AINA.2007.77},
  ISSN={1550-445X},
}

@INPROCEEDINGS{5375690,
  author={Abolhasan, M. and Hagelstein, B. and Wang, J.C.-P.},
  booktitle={Communications, 2009. APCC 2009. 15th Asia-Pacific Conference on},
  title={Real-world performance of current proactive multi-hop mesh protocols},
  year={2009},
  month={Oct},
  pages={44-47},
}

@INPROCEEDINGS{gomez_NSTAODV_eval,
  author={Gomez, C. and Salvatella, P. and Alonso, O. and Paradells, J.},
  booktitle={World of Wireless, Mobile and Multimedia Networks, 2006. WoWMoM 2006. International Symposium on a},
  title={Adapting AODV for IEEE 802.15.4 mesh sensor networks: theoretical discussion and performance evaluation in a real environment},
  year={2006},
  pages={9 pp.-170},
}

@article{HYMAD,
  author    = {John Whitbeck and
               Vania Conan},
  title     = {{HYMAD:} Hybrid {DTN-MANET} Routing for Dense and Highly Dynamic Wireless
               Networks},
  journal   = {CoRR},
  volume    = {abs/1006.3426},
  year      = {2010},
  url       = {http://arxiv.org/abs/1006.3426},
  timestamp = {Mon, 05 Dec 2011 18:04:51 +0100},
  biburl    = {http://dblp.uni-trier.de/rec/bib/journals/corr/abs-1006-3426},
  bibsource = {dblp computer science bibliography, http://dblp.org}
}

@techreport{mistaken-axioms,
  author = {David Kotz and Calvin Newport and Chip Elliott},
  title = {The mistaken axioms of wireless-network research},
  year = {2003},
  month = {July},
  institution = {Dartmouth Computer Science},
  url = {http://www.cs.dartmouth.edu/~dfk/papers/kotz-axioms-tr.pdf},
}

@INPROCEEDINGS{testbed-survey,
  author={Tonneau, A.-S. and Mitton, N. and Vandaele, J.},
  booktitle={Distributed Computing in Sensor Systems (DCOSS), 2014 IEEE International Conference on},
  title={A Survey on (mobile) Wireless Sensor Network Experimentation Testbeds},
  year={2014},
  month={May},
  pages={263-268},
}

@inproceedings{exp_eval_wsn_assumptions,
  author = {Kotz, David and Newport, Calvin and Gray, Robert S. and Liu, Jason and Yuan, Yougu and Elliott, Chip},
  title = {Experimental Evaluation of Wireless Simulation Assumptions},
  booktitle = {Proceedings of the 7th ACM International Symposium on Modeling, Analysis and Simulation of Wireless and Mobile Systems},
  series = {MSWiM '04},
  year = {2004},
  location = {Venice, Italy},
  pages = {78--82},
}

@inproceedings{sim_accuracy,
  author = {Cavin, David and Sasson, Yoav and Schiper, Andr{\'e}},
  title = {On the Accuracy of MANET Simulators},
  booktitle = {Proceedings of the Second ACM International Workshop on Principles of Mobile Computing},
  series = {POMC '02},
  year = {2002},
  pages = {38--43},
}

@Manual{X800,
  title =        {ITU-T G.9903: Narrow-band orthogonal frequency division multiplexing power line communication transceivers for G3-PLC networks: Amendment 1},
  author =       {ITU},
  organization = {International Telecommunications Union},
  month =        may,
  year =         {2013}
}

@techreport{RFC-3561,
  author = {C. Perkins and E. Belding-Royer and S. Das},
  title = {{Ad hoc On-Demand Distance Vector (AODV) Routing}},
  institution = {IETF},
  type = {RFC},
  number = {3561},
  month = {July},
  year = {2003}
}

@INPROCEEDINGS{DSR,
    author = {David B. Johnson and David A. Maltz},
    title = {Dynamic source routing in ad hoc wireless networks},
    booktitle = {Mobile Computing},
    year = {1996},
    pages = {153--181},
}

@INPROCEEDINGS{SOAR,
  author={Roy, S. and Garcia-Luna-Aceves, J.J.},
  booktitle={INFOCOM 2001. Twentieth Annual Joint Conference of the IEEE Computer and Communications Societies. Proceedings. IEEE},
  title={Using minimal source trees for on-demand routing in ad hoc networks},
  year={2001},
  pages={1172-1181 vol.2},
}
