\begin{thebibliography}{10}

\bibitem{IEE_VANET_Survey}
Y.~W. Fan~Li, ``{Routing in Vehicular Ad Hoc Networks: A Survey},'' {\em IEEE
  Vehicular Technology Magazine}, pp.~12--22, 2007.

\bibitem{harsch_Sec}
P.~P. Charles~Harsch, Andreas~Festag, ``{Secure Position-Based Routing for
  VANETs},'' in {\em Proceedings of IEEE 66th Vehicular Technology Conference
  (VTC Fall)}, (Baltimore, MD, USA), September/October 2008.

\bibitem{Karlof_SecSensor}
D.~W. Chris~Karlof, ``{Secure routing in wireless sensor networks: attacks and
  countermeasures},'' {\em Ad Hoc Networks}, pp.~293--315, September 2003.

\bibitem{Gerlach_SecArch}
M.~Gerlach, A.~Festag, T.~Leinm\"uller, G.~Goldacker, and C.~Harsch,
  ``{Security Architecture for Vehicular Communication},'' in {\em Fourth
  International Workshop on Intelligent Transportation (WIT 2007)}, 2007.

\bibitem{Elektra_mesh}
C.~Aichele, {\em {Mesh: drahtlose Ad-hoc-Netze}}.
\newblock Open Source Press, 2007.

\bibitem{Naumov_CAR}
T.~R.~G. Valery~Naumov, ``{Connectivity-Aware Routing (CAR) in Vehicular Ad Hoc
  Networks},'' in {\em IEEE INFOCOM 2007 proceedings}, 2007.

\bibitem{Lochert_GRC}
C.~Lochert, M.~Mauve, H.~FŸssler, and H.~Hartenstein, ``Geographic routing in
  city scenarios,'' {\em SIGMOBILE Mob. Comput. Commun. Rev.}, vol.~9,
  pp.~69--72, January 2005.

\bibitem{Naumov_evalRealTraces}
G.~Naumov, Baumann, ``{An Evaluation of Inter-Vehicle Ad Hoc Networks Based on
  Realistic Vehicular Traces},'' in {\em MobiHoc '06: Proceedings of the 7th
  ACM international symposium on Mobile ad hoc networking and computing
  (2006)}, (Florence, Italy), May 22Ð25.

\bibitem{Sommer_adaptBeaconing}
R.~G. Christoph~Sommer and F.~Dressler, ``{Adaptive Beaconing for
  Delay-Sensitive and Congestion-Aware Traffic Information Systems},'' tech.
  rep., Friedrich-Alexander-UniversitŠt Erlangen-NŸrnberg, January 2010.

\bibitem{Guoquing_UrbanVANET}
X.~Z. Y. W. C.~X. Zhang~Guoquing, Mu~Dejun, ``{A survey on the Routing Schemes
  of Urban vehicular Ad Hoc Networks},'' in {\em Proceedings of the 27th
  Chinese Control Conference}, 2008.

\bibitem{Karp_GPSR}
B.~N. Karp and H.~T. Kung, ``{GPSR: Greedy Perimeter Stateless Routing for
  Wireless Net- works},'' in {\em In Proc. of ACM MobiCom Õ00}, (Boston,
  Massachusetts), p.~243Ð254, August 2000.

\bibitem{Seet04a-star}
B.~chong Seet, G.~Liu, B.~sung Lee, C.~heng Foh, and K.~kee Lee, ``{A-STAR: A
  mobile ad hoc routing strategy for metropolis vehicular communications},'' in
  {\em Proc. NETWORKING 2004}, pp.~989--999, 2004.

\bibitem{Ruiz_Brave}
J.~A.~M. Pedro M.~Ruiz, Victor~Cabrera and F.~J. Ros, ``{BRAVE: Beacon-less
  routing algorithm for vehicular environments},'' in {\em MASS}, pp.~709--714,
  2010.

\bibitem{Bettstetter_MM}
C.~Bettstetter, ``{Mobility Modeling in Wireless Networks: Categorization,
  Smooth Movement, and Border Effects },'' {\em Mobile Computing and
  Communications Review, Volume 5, Number 3}, pp.~55--67, July 2001.

\bibitem{Reuters_fb}
``Reuters: Facebook's newest frontier: inside the car.''
  \url{http://www.reuters.com/article/2012/01/09/us-facebook-mercedes-idUSTRE80828C20120109},
  Januar 2012.

\bibitem{Goodspeed_PIP}
R.~M. R. S. R.~S. Travis~Goodspeed, Sergey~Bratus, ``{Packets in Packets: Orson
  WellesÕ In-Band Signaling Attacks for Modern Radios}.'' as presented at the
  28c3 and WOOT '11.

\end{thebibliography}
