@techreport{RFC-5826,
  author = {A. Brandt and J. Buron and G. Porcu},
  title = {{Home Automation Routing Requirements in Low-Power and Lossy Networks}},
  institution = {IETF},
  type = {RFC},
  number = {5826},
  month = {April},
  year = {2010}
}

@techreport{RFC-6550,
  author = {T. Winter and P. Thubert and A. Brandt and J. Hui and R. Kelsey and P. Levis and K. Pister and R. Struik and JP. Vasseur and R. Alexander},
  title = {{RPL: IPv6 Routing Protocol for Low-Power and Lossy Networks}},
  institution = {IETF},
  type = {RFC},
  number = {6550},
  month = {March},
  year = {2012}
}

@INPROCEEDINGS{LOADng,
  author = {Clausen, T. and Jiazi Yi and de Verdiere, A.C.},
  title = {LOADng: Towards AODV Version 2},
  booktitle = {Vehicular Technology Conference (VTC Fall), 2012 IEEE},
  year = {2012},
  pages = {1-5},
  month = {Sept},
  doi = {10.1109/VTCFall.2012.6399334},
  issn = {1090-3038},
  keywords = {mobile ad hoc networks;routing protocols;vectors;AODV;LLN;LOADng specification;MANET;ad
    hoc on-demand distance-vector;low-power lossy networks;mobile ad
    hoc networks;routing protocol;Ad hoc networks;Delay;Internet;Mobile
    computing;Routing;Routing protocols}
}

@INPROCEEDINGS{chp-ceirp-11,
  author = {Clausen, T. and Herberg, U. and Philipp, M.},
  title = {{A critical evaluation of the IPv6 Routing Protocol for Low Power and Lossy Networks (RPL)}},
  booktitle={Proc. of the 7th IEEE International Conference on Wireless and Mobile Computing, Networking and Communications (WiMob)},
  pages = {365--372},
  month=oct,
  year = {2011},
}

@techreport{RFC5548,
  author = {M. Dohler and T. Watteyne and T. Winter and D. Barthel},
  title = {{Routing Requirements for Urban Low-Power and Lossy Networks}},
  institution = {IETF},
  type = {RFC},
  number = {5548},
  month = {May},
  year = {2009}
}

@techreport{RFC6550,
  author = {T. Winter and P. Thubert and A. Brandt and J. Hui and R. Kelsey and P. Levis and K. Pister and R. Struik and JP. Vasseur and R. Alexander},
  title = {{RPL: IPv6 Routing Protocol for Low-Power and Lossy Networks}},
  institution = {IETF},
  type = {RFC},
  number = {6550},
  month = {March},
  year = {2012}
}

@BOOK{KULeuven-314567,
  title = {{Vision and Challenges for Realising the Internet of Things}},
  publisher = {European Commission},
  year = {2010},
  editor = {Friess, Peter and Guillemin, Partick and Sundmaeker, Harald and Woelffl\'e,
    Sylvie},
  author = {Gusmeroli, Sergio and Haller, Stephan and Harrison, Mark and Kalaboukas,
    Kostas and Tomasella, Maurizio and Vermesan, Ovidiu and Vogt, Harald
    and Wouters, Karel},
  url = {https://lirias.kuleuven.be/handle/123456789/314567}
}

@techreport{RFC5867,
  author = {J. Martocci and P. De Mil and N. Riou and W. Vermeylen},
  title = {{Building Automation Routing Requirements in Low-Power and Lossy Networks}},
  institution = {IETF},
  type = {RFC},
  number = {5867},
  month = {June},
  year = {2010}
}

@MISC{AODVv2,
  author = {C. Perkins and S. Ratliff and J. Dowdell},
  title = {{D}ynamic {MANET} {O}n-demand ({AODV}v2) {R}outing},
  howpublished = {Online},
  year = {2014},
  note = {\url{http://tools.ietf.org/html/draft-ietf-manet-aodvv2}},
  owner = {lotte},
  timestamp = {2014.01.07}
}

@ARTICLE{multipath_survey,
  author = {Radi, Marjan and Dezfouli, Behnam and Bakar, Kamalrulnizam Abu and
    Lee, Malrey},
  title = {Multipath Routing in Wireless Sensor Networks: Survey and Research
    Challenges},
  journal = {Sensors},
  year = {2012},
  volume = {12},
  pages = {650--685},
  number = {1}
}

@INPROCEEDINGS{Singh_power_aware_metric,
  author = {Singh, Suresh and Woo, Mike and Raghavendra, C. S.},
  title = {Power-aware Routing in Mobile Ad Hoc Networks},
  booktitle = {Proceedings of the 4th Annual ACM/IEEE International Conference on
    Mobile Computing and Networking},
  year = {1998},
  series = {MobiCom '98},
  pages = {181--190},
  address = {New York, NY, USA},
  publisher = {ACM},
  acmid = {288286},
  doi = {10.1145/288235.288286},
  isbn = {1-58113-035-X},
  location = {Dallas, Texas, USA},
  numpages = {10},
  url = {http://doi.acm.org/10.1145/288235.288286}
}

@INPROCEEDINGS{loadng_p2mp,
  author = {Jiazi Yi and Clausen, T. and de Verdiere, A.C.},
  title = {Efficient Data Acquisition in Sensor Networks: Introducing (the)
    LOADng Collection Tree Protocol},
  booktitle = {Wireless Communications, Networking and Mobile Computing (WiCOM),
    2012 8th International Conference on},
  year = {2012},
  pages = {1-4},
  month = {Sept},
  doi = {10.1109/WiCOM.2012.6478508},
  issn = {2161-9646}
}

@article{ahlgren_ccn_survey,
  author    = {Bengt Ahlgren and Christian Dannewitz and Claudio Imbrenda and Dirk Kutscher and B{\"o}rje Ohlman},
  title     = {{A Survey of Information-Centric Networking}},
  journal   = {IEEE Communications Magazine},
  pages     = {26--36},
  volume    = {50},
  number    = {7},
  month     = {July},
  year      = {2012},
}

@mastersthesis{mehlis_ccn_iot,
  author = {Christian Mehlis},
  title = {Information-Centric Networking in the Internet of Things: Conceptual \& Practical Challenges},
  school = {Freie Universit√§t Berlin},
  year = 2014
}

@INPROCEEDINGS{fuzzymetrics,
author={Ortiz, A.M. and Royo, F. and Olivares, T. and Timmons, N. and Morrison, J. and Orozco-Barbosa, L.},
booktitle={Networking, Sensing and Control (ICNSC), 2013 10th IEEE International Conference on},
title={Intelligent routing strategies in wireless sensor networks for smart cities applications},
year={2013},
month={April},
pages={740-745},
keywords={Internet;Internet of Things;fuzzy logic;routing protocols;wireless sensor networks;I3ASensorBed testbed;Internet of Things;IoT;fuzzy logic;intelligent routing strategy;network discovery;networked infrastructure utilization;smart city environment;system load reduction;tree construction protocol;wireless sensor network},
doi={10.1109/ICNSC.2013.6548830},}

@INPROCEEDINGS{baccelli_p2p_prl,
author={Baccelli, E. and Philipp, M. and Goyal, M.},
booktitle={Software, Telecommunications and Computer Networks (SoftCOM), 2011 19th International Conference on},
title={The P2P-RPL routing protocol for IPv6 sensor networks: Testbed experiments},
year={2011},
month={Sept},
pages={1-6},
keywords={IP networks;Internet;graph theory;routing protocols;telecommunication standards;wireless sensor networks;IEEE 802.15.4 radio;IPv6 sensor networks;Internet;P2P-RPL routing protocol;adapted IPv6 protocols;building automation;central router;communication paths;home automation;reactive scheme;routing state;sensor to sensor communication;testbed experiments;wireless sensor networks},}

@techreport{rfc3561,
  author = {C. Perkins and E. Belding-Royer and S. Das},
  title = {{Ad hoc On-Demand Distance Vector (AODV) Routing}},
  institution = {IETF},
  type = {RFC},
  number = {3561},
  month = {July},
  year = {2003}
}

@techreport{rfc6693,
  author = {A. Lindgren and A. Doria and E. Davies and S. Grasic},
  title = {{Probabilistic Routing Protocol for Intermittently Connected Networks}},
  institution = {IETF},
  type = {RFC},
  number = {6693},
  month = {August},
  year = {2012}
}

@article{prophetpaper,
 author = {Lindgren, Anders and Doria, Avri and Schel{\'e}n, Olov},
 title = {Probabilistic Routing in Intermittently Connected Networks},
 journal = {SIGMOBILE Mob. Comput. Commun. Rev.},
 issue_date = {July 2003},
 volume = {7},
 number = {3},
 month = jul,
 year = {2003},
 issn = {1559-1662},
 pages = {19--20},
 numpages = {2},
 url = {http://doi.acm.org/10.1145/961268.961272},
 doi = {10.1145/961268.961272},
 acmid = {961272},
 publisher = {ACM},
 address = {New York, NY, USA},
}

@ARTICLE{wsn_survey,
 author={Al-Karaki, J.N. and Kamal, A.E.},
 title={{Routing Techniques in Wireless Sensor Networks: A Survey}},
 journal={IEEE Wireless Communications},
 year={2004},
 volume={11},
 number={6},
 pages={6--28},
}

@techreport{RFC2501,
  author = {M. Scott Corson and Joseph Macker},
  title = {{Mobile Ad hoc Networking (MANET): Routing Protocol Performance Issues and Evaluation Considerations}},
  institution = {IETF},
  type = {RFC},
  number = {2501},
  month = {January},
  year = {1999}
}

@techreport{rfc6551,
  author = {JP. Vasseur and M. Kim and K. Pister and N. Dejean and D. Barthel},
  title = {{Routing Metrics Used for Path Calculation in Low-Power and Lossy Networks}},
  institution = {IETF},
  type = {RFC},
  number = {6551},
  month = {March},
  year = {2012}
}

@INPROCEEDINGS{gerla_tactical_iot,
author={Oh, S.Y. and Lau, D. and Gerla, M.},
booktitle={Wireless Days (WD), 2010 IFIP},
title={Content Centric Networking in tactical and emergency MANETs},
year={2010},
month={Oct},
pages={1-5}
}

@techreport{RFC-3626,
  author = {T. Clausen and P. Jacquet},
  title = {{Optimized Link State Routing Protocol (OLSR)}},
  institution = {IETF},
  type = {RFC},
  number = {3626},
  month = {October},
  year = {2003}
}

@techreport{RFC-7181,
  author = {T. Clausen and C. Dearlove and P. Jacquet and U. Herberg},
  title = {{The Optimized Link State Routing Protocol Version 2}},
  institution = {IETF},
  type = {RFC},
  number = {7181},
  month = {April},
  year = {2014}
}

@techreport{olsrv2_multipath,
  author = {J. Yi and B. Parrein},
  title = {{Multi-path Extension for the Optimized Link State Routing Protocol version 2 (OLSRv2)}},
  institution = {IETF},
  type = {Internet-Draft},
  month = {July},
  year = {2014}
}

@inproceedings{olsr_multipath,
    hal_id = {hal-00424891},
    url = {http://hal.archives-ouvertes.fr/hal-00424891},
    title = {{Multipath OLSR: Simulation and Testbed}},
    author = {Yi, Jiazi and David, Sylvain and Adnane, Hassiba Asmaa and Parrein, Beno{\^\i}t and Lecourtier, Xavier},
    language = {English},
    affiliation = {Institut de Recherche en Communications et en Cybern{\'e}tique de Nantes - IRCCyN , K{\'e}osys},
    booktitle = {{5th OLSR Interop/Workshop}},
    address = {Vienna, Austria},
    collaboration = {SEREADMO },
    year = {2009},
    month = Oct,
}

@INPROCEEDINGS{aodv_multipath_ebr,
    author = {Perumal Sambasivam and Ashwin Murthy and Elizabeth M. Belding-royer},
    title = {Dynamically Adaptive Multipath Routing based on AODV},
    booktitle = {In Med-Hoc-Net},
    year = {2004}
}

@article{aodv_multipath_other,
 author = {Marina, Mahesh K. and Das, Samir R.},
 title = {Ad Hoc On-demand Multipath Distance Vector Routing},
 journal = {SIGMOBILE Mob. Comput. Commun. Rev.},
 issue_date = {July 2002},
 volume = {6},
 number = {3},
 month = jun,
 year = {2002},
 pages = {92--93},
 numpages = {2},
 url = {http://doi.acm.org/10.1145/581291.581305},
}

@article{iot_experiment_facilities,
  author = {Gluhak, Alexander and Krco, Srdjan and Nati, Michele and Pfisterer, Dennis and Mitton, Nathalie and Razafindralambo, Tahiry},
  number = 11,
  pages = {58-67},
  title = {A survey on facilities for experimental internet of things research.},
  url = {http://dblp.uni-trier.de/db/journals/cm/cm49.html#GluhakKNPMR11}
}